%% Correlation between NFL and macular thickness and glaucoma in clinical study
@article{Guedes03:OCT,
    author = {Viviane Guedes and Joel S. Schuman and Ellen Hertzmark and Gadi Wollstein and Anthony Correnti and Ronald Mancini and David Lederer and Serineh Voskanian and Leonardo Velazquez and Helena M. Pakter and Tamar Pedut-Kloizman and James G. Fujimoto and Cynthia Mattox},
    title = {Optical coherence tomography measurement of macular and nerve fiber layer thickness in normal and glaucomatous human eyes},
    journal = {Ophthalmology},
    year = {2003},
    volume = {110},
    number = {1},
    pages = {177--189},
    month = {January}
}


%% Comparing glaucoma progression in VF testing and OCT RNFL meassurements
@article{Wollstein05:OCT,
    author = {Gadi Wollstein and Joel S. Schuman and Lori L. Price and Ali Aydin and Paul C. Stark and Ellen Hertzmark  and Edward Lai and Hiroshi Ishikawa and Cynthia Mattox and James G. Fujimoto and Lelia A. Paunescu},
    title = {{Optical Coherence Tomography Longitudinal Evaluation of Retinal Nerve Fiber Layer Thickness in Glaucoma}},
    journal = {Archives of Ophthalmology},
    volume = {123},
    number = {4},
    pages = {464--470},
    doi = {10.1001/archopht.123.4.464},
    year = {2005},
    month = {April},
    URL = {http://archopht.ama-assn.org/cgi/content/abstract/123/4/464},
    eprint = {http://archopht.ama-assn.org/cgi/reprint/123/4/464.pdf}
}
